<?xml version="1.0" encoding="UTF-8"?>
<record>
  <leader>01307nam#a2200373#cb4500</leader>
  <controlfield tag="003">DE-605</controlfield>
  <controlfield tag="005">20240904071543.0</controlfield>
  <controlfield tag="007">cr#|||||||||||</controlfield>
  <controlfield tag="007">tu</controlfield>
  <controlfield tag="008">201102|2020####gw ###########|||#|#eng#c</controlfield>
  <controlfield tag="001">990368234850206441</controlfield>
  <datafield tag="035" ind1=" " ind2=" ">
    <subfield code="a">(DE-605)HT020630095</subfield>
  </datafield>
  <datafield tag="040" ind1=" " ind2=" ">
    <subfield code="a">B 23</subfield>
    <subfield code="b">ger</subfield>
    <subfield code="d">B 23</subfield>
    <subfield code="e">rda</subfield>
  </datafield>
  <datafield tag="041" ind1=" " ind2=" ">
    <subfield code="a">eng</subfield>
  </datafield>
  <datafield tag="044" ind1=" " ind2=" ">
    <subfield code="c">XA-DE</subfield>
  </datafield>
  <datafield tag="245" ind1="0" ind2="0">
    <subfield code="a">A methodology towards the hierarchy of COSMO parameter calibration tests via the domain sensitivity over the Mediterranean area</subfield>
    <subfield code="c">Deutscher Wetterdienst ; E. Avgoustoglou, A. Voudouri, I. Carmona [+ 3 weitere]</subfield>
  </datafield>
  <datafield tag="264" ind1=" " ind2="1">
    <subfield code="a">[Erscheinungsort nicht ermittelbar]</subfield>
    <subfield code="b">[Verlag nicht ermittelbar]</subfield>
    <subfield code="c">April 2020</subfield>
  </datafield>
  <datafield tag="300" ind1=" " ind2=" ">
    <subfield code="a">1 Online-Ressource (28 Seiten : Diagramme)</subfield>
  </datafield>
  <datafield tag="336" ind1=" " ind2=" ">
    <subfield code="b">txt</subfield>
  </datafield>
  <datafield tag="337" ind1=" " ind2=" ">
    <subfield code="b">c</subfield>
  </datafield>
  <datafield tag="338" ind1=" " ind2=" ">
    <subfield code="b">cr</subfield>
  </datafield>
  <datafield tag="347" ind1=" " ind2=" ">
    <subfield code="a">Textdatei</subfield>
    <subfield code="b">PDF</subfield>
    <subfield code="c">2 MB</subfield>
  </datafield>
  <datafield tag="490" ind1="1" ind2=" ">
    <subfield code="a">Technical report</subfield>
    <subfield code="v">No. 42</subfield>
  </datafield>
  <datafield tag="035" ind1=" " ind2=" ">
    <subfield code="a">(DE-599)HBZHT020630095</subfield>
  </datafield>
  <datafield tag="024" ind1="7" ind2=" ">
    <subfield code="a">https://dwdbib.dwd.de/retrosammlung/86460</subfield>
    <subfield code="2">doi</subfield>
  </datafield>
  <datafield tag="964" ind1="0" ind2="s">
    <subfield code="F">051</subfield>
    <subfield code="A">s|||||||</subfield>
  </datafield>
  <datafield tag="964" ind1="0" ind2="i">
    <subfield code="I">marc-FMT via MAB2MARC</subfield>
    <subfield code="F">FMT</subfield>
    <subfield code="A">BK</subfield>
  </datafield>
  <datafield tag="964" ind1="0" ind2="s">
    <subfield code="F">030</subfield>
    <subfield code="A">a|zur||||||37</subfield>
  </datafield>
  <datafield tag="964" ind1="0" ind2="s">
    <subfield code="F">050</subfield>
    <subfield code="A">a|||||||||||||</subfield>
  </datafield>
  <datafield tag="830" ind1=" " ind2="0">
    <subfield code="a">Technical report</subfield>
    <subfield code="w">(DE-605)TT003804692</subfield>
    <subfield code="v">42</subfield>
    <subfield code="9">O:1</subfield>
  </datafield>
  <datafield tag="700" ind1="1" ind2=" ">
    <subfield code="a">Avgoustoglou, E.</subfield>
    <subfield code="4">aut</subfield>
  </datafield>
  <datafield tag="700" ind1="1" ind2=" ">
    <subfield code="a">Voudouri, A.</subfield>
    <subfield code="4">aut</subfield>
  </datafield>
  <datafield tag="700" ind1="1" ind2=" ">
    <subfield code="a">Carmona, I.</subfield>
    <subfield code="4">aut</subfield>
  </datafield>
  <datafield tag="710" ind1="2" ind2=" ">
    <subfield code="a">Deutscher Wetterdienst</subfield>
    <subfield code="0">(DE-588)1012332-5</subfield>
    <subfield code="4">isb</subfield>
    <subfield code="0">https://d-nb.info/gnd/004068513</subfield>
    <subfield code="0">http://viaf.org/viaf/124947994</subfield>
    <subfield code="B">GND-004068513</subfield>
  </datafield>
  <datafield tag="MBD" ind1=" " ind2=" ">
    <subfield code="M">49HBZ_NETWORK</subfield>
    <subfield code="i">990368234850206441</subfield>
    <subfield code="n">HBZ Network</subfield>
  </datafield>
  <datafield tag="MBD" ind1=" " ind2=" ">
    <subfield code="M">49HBZ_DWD</subfield>
    <subfield code="i">991002424249708975</subfield>
    <subfield code="n">Deutscher Wetterdienst</subfield>
  </datafield>
  <datafield tag="MNG" ind1=" " ind2=" ">
    <subfield code="c">API, NZ Phase #2 - A2A BIB - online - cataloging via Aleph Bridge</subfield>
    <subfield code="f">ILS</subfield>
    <subfield code="i">marc21</subfield>
    <subfield code="l">74</subfield>
    <subfield code="k">01</subfield>
    <subfield code="e">false</subfield>
    <subfield code="d">2024-09-04 07:15:43 Europe/Berlin</subfield>
    <subfield code="g">036823485-HBZ01</subfield>
    <subfield code="j">60</subfield>
    <subfield code="a">import</subfield>
    <subfield code="b">2021-04-05 12:19:10 Europe/Berlin</subfield>
  </datafield>
  <datafield tag="H52" ind1="8" ind2=" ">
    <subfield code="b">DMB</subfield>
    <subfield code="c">00004</subfield>
    <subfield code="8">2267561400008975</subfield>
  </datafield>
  <datafield tag="HOL" ind1=" " ind2=" ">
    <subfield code="b">2024-09-17 08:19:44</subfield>
    <subfield code="8">2267561400008975</subfield>
    <subfield code="M">49HBZ_DWD</subfield>
    <subfield code="g">false</subfield>
    <subfield code="a">import</subfield>
  </datafield>
  <datafield tag="ITM" ind1=" " ind2=" ">
    <subfield code="H">2267561400008975</subfield>
    <subfield code="x">00004</subfield>
    <subfield code="f">ADDITIONAL2</subfield>
    <subfield code="v">00004</subfield>
    <subfield code="p">Frei verfügbar</subfield>
    <subfield code="X">System</subfield>
    <subfield code="U">2020-11-02 11:59:00 Europe/Berlin</subfield>
    <subfield code="Y">2025-04-11 14:25:47 Europe/Berlin</subfield>
    <subfield code="h">false</subfield>
    <subfield code="n">DWDbib</subfield>
    <subfield code="P">Elektronisch</subfield>
    <subfield code="M">49HBZ_DWD</subfield>
    <subfield code="s">1</subfield>
    <subfield code="d">8</subfield>
    <subfield code="V">import</subfield>
    <subfield code="a">2367561390008975</subfield>
    <subfield code="t">8</subfield>
    <subfield code="B">20.462</subfield>
    <subfield code="W">2020-11-02 01:00:00 Europe/Berlin</subfield>
    <subfield code="u">DMB</subfield>
    <subfield code="w">DMB</subfield>
  </datafield>
  <datafield tag="GKT" ind1="2" ind2=" ">
    <subfield code="a">Deutschland</subfield>
    <subfield code="b">Bundesministerium für Verkehr und Digitale Infrastruktur</subfield>
    <subfield code="b">Deutscher Wetterdienst</subfield>
    <subfield code="A">GND</subfield>
    <subfield code="B">GND-004068513</subfield>
    <subfield code="C">410</subfield>
  </datafield>
  <datafield tag="GKT" ind1="2" ind2=" ">
    <subfield code="a">Wetterdienst</subfield>
    <subfield code="A">GND</subfield>
    <subfield code="B">GND-004068513</subfield>
    <subfield code="C">410</subfield>
  </datafield>
  <datafield tag="GKT" ind1="2" ind2=" ">
    <subfield code="a">Bundesanstalt Deutscher Wetterdienst</subfield>
    <subfield code="A">GND</subfield>
    <subfield code="B">GND-004068513</subfield>
    <subfield code="C">410</subfield>
  </datafield>
  <datafield tag="GKT" ind1="2" ind2=" ">
    <subfield code="a">Anstalt Deutscher Wetterdienst</subfield>
    <subfield code="A">GND</subfield>
    <subfield code="B">GND-004068513</subfield>
    <subfield code="C">410</subfield>
  </datafield>
  <datafield tag="GKT" ind1="2" ind2=" ">
    <subfield code="a">Deutscher Wetterdienst</subfield>
    <subfield code="b">Zentralamt</subfield>
    <subfield code="A">GND</subfield>
    <subfield code="B">GND-004068513</subfield>
    <subfield code="C">410</subfield>
  </datafield>
  <datafield tag="GKT" ind1="2" ind2=" ">
    <subfield code="a">Deutscher Wetterdienst</subfield>
    <subfield code="b">Central Office</subfield>
    <subfield code="A">GND</subfield>
    <subfield code="B">GND-004068513</subfield>
    <subfield code="C">410</subfield>
  </datafield>
  <datafield tag="GKT" ind1="2" ind2=" ">
    <subfield code="a">German Meteorological Service</subfield>
    <subfield code="A">GND</subfield>
    <subfield code="B">GND-004068513</subfield>
    <subfield code="C">410</subfield>
  </datafield>
  <datafield tag="GKT" ind1="2" ind2=" ">
    <subfield code="a">Meteorological Service</subfield>
    <subfield code="A">GND</subfield>
    <subfield code="B">GND-004068513</subfield>
    <subfield code="C">410</subfield>
  </datafield>
  <datafield tag="GKT" ind1="2" ind2=" ">
    <subfield code="a">German Weather Service</subfield>
    <subfield code="A">GND</subfield>
    <subfield code="B">GND-004068513</subfield>
    <subfield code="C">410</subfield>
  </datafield>
  <datafield tag="GKT" ind1="2" ind2=" ">
    <subfield code="a">Weather Service</subfield>
    <subfield code="A">GND</subfield>
    <subfield code="B">GND-004068513</subfield>
    <subfield code="C">410</subfield>
  </datafield>
  <datafield tag="GKT" ind1="2" ind2=" ">
    <subfield code="a">DWD</subfield>
    <subfield code="4">abku</subfield>
    <subfield code="i">Abkuerzung</subfield>
    <subfield code="A">GND</subfield>
    <subfield code="B">GND-004068513</subfield>
    <subfield code="C">410</subfield>
  </datafield>
  <datafield tag="GSI" ind1="7" ind2=" ">
    <subfield code="a">1012332-5</subfield>
    <subfield code="0">http://d-nb.info/gnd/1012332-5</subfield>
    <subfield code="2">gnd</subfield>
    <subfield code="A">GND</subfield>
    <subfield code="B">GND-004068513</subfield>
    <subfield code="C">024</subfield>
  </datafield>
</record>
